@article{Brunet:2020,
  	url = {https://link.springer.com/article/10.1186/s12880-020-00437-8},
	doi = {10.1186/s12880-020-00437-8},
  	Archiveprefix = {},
  	Author = {{Brunet}, S.C., {Kuczynski}, M.T., {Bhatla}, J.L., {Lemay}, S., {Pauchard}, Y., {Salat}, P., {Barnabe}, C., {Manske}, S.L.},
  	Eprint = {},
  	Journal = {BMC Medical Imaging},
  	Keywords = {HR-pQCT, Image registration, Rheumatoid arthritis, Bone remodeling},
  	Month = april,
  	Title = {{The utility of multi-stack alignment and 3D longitudinal image registration to assess bone remodeling in rheumatoid arthritis patients from second generation HR-pQCT scans}},
  	Year = 2020
}

@article{Burt:2016,
  	url = {https://pubmed.ncbi.nlm.nih.gov/27192388/},
	doi = {10.1002/jbmr.2873},
  	Archiveprefix = {},
  	Author = {{Burt}, L.A., {Liang}, Z., {Sajobi}, T.T., {Hanley}, D.A., {Boyd}, S.K.},
  	Eprint = {},
  	Journal = {Journal of Bone and Mineral Research},
  	Keywords = {HIGH-RESOLUTION PERIPHERAL QUANTITATIVE COMPUTED TOMOGRAPHY; LIFE SPAN; NORMAL RANGES; REFERENCE VALUES; PERCENTILES},
  	Month = nov,
  	Title = {{Sex- and Site-Specific Normative Data Curves for HR-pQCT}},
  	Year = 2016
}

@article{Brunet:2021,
  	url = {https://pubmed.ncbi.nlm.nih.gov/33775211/},
	doi = {10.1080/03009742.2020.1869303},
  	Archiveprefix = {},
  	Author = {{Brunet}, S.C., {Tse}, J.J., {Kuczynski}, M.T., {Engelke}, K., {Boyd}, S.K., {Barnabe}, C., {Manske}, S.L.},
  	Eprint = {},
  	Journal = {Scandinavian Journal of Rheumatology},
  	Keywords = {},
  	Month = nov,
  	Title = {{Heterogenous bone response to biologic DMARD therapies in rheumatoid arthritis patients and their relationship to functional indices}},
  	Year = 2021
}

@article{Burghardt:2010,
  	url = {https://www.ncbi.nlm.nih.gov/pmc/articles/PMC2926164/},
	doi = {10.1016/j.bone.2010.05.034},
  	Archiveprefix = {},
  	Author = {{Burghardt}, A.J., {Buie}, H.R., {Laib}, A., {Majumdar}, S., {Boyd}, S.K.},
  	Eprint = {},
  	Journal = {Bone},
  	Keywords = {HR-pQCT, Cortical bone, Porosity, Segmentation, Osteoporosis, Microcomputed tomography, MicroCT, Reproducibility},
  	Month = sept,
  	Title = {{Reproducibility of direct quantitative measures of cortical bone microarchitecture of the distal radius and tibia by HR-pQCT}},
  	Year = 2010
}

@article{Hildebrand:1996,
  	url = {https://onlinelibrary.wiley.com/doi/abs/10.1046/j.1365-2818.1997.1340694.x},
	doi = {10.1046/j.1365-2818.1997.1340694.x},
  	Archiveprefix = {},
  	Author = {{Hildebrand}, T. and {Ruegsegger}, P.},
  	Eprint = {},
  	Journal = {Journal of Microscopy},
  	Keywords = {Distance transformation, mean thickness, micro-CT, stereology, structural parameters, thickness distribution, three-dimensional morphometry, trabecular bone structure},
  	Month = sept,
  	Title = {{A new method for the model-independent assessment of thickness in three-dimensional images}},
  	Year = 1996
}

@article{Harris:2020,
  	url = {https://pubmed.ncbi.nlm.nih.gov/32939066/},
	doi = {10.1038/s41586-020-2649-2},
  	Archiveprefix = {},
  	Author = {{Harris}, C.R., {Millman}, K.J., {van der Walt}, S.J., {Gommers}, R., {Virtanen}, P., {Cournapeau}, D., {Wieser}, E., {Taylor}, J., {Berg}, S., {Smith}, N.J., {Kern}, R., {Picus}, M., {Hoyer}, S., {van Kerkwijk} M.H., {Brett}, M., {Haldane}, A., {del Río} J.F., {Wiebe}, M., {Peterson}, P., {Gérard-Marchant}, P., {Sheppard}, K., {Reddy}, T., {Weckesser}, W., {Abbasi}, H., {Gohlke}, C., {Oliphant}, T.E.},
  	Eprint = {},
  	Journal = {Nature},
  	Keywords = {},
  	Month = sept,
  	Title = {{Array programming with NumPy}},
  	Year = 2020
}

@article{Lam:2015,
  	url = {https://dl.acm.org/doi/abs/10.1145/2833157.2833162},
	doi = {10.1145/2833157.2833162},
  	Archiveprefix = {},
  	Author = {{Lam}, S.K., {Pitrou}, A., {Seibert}, S},
  	Eprint = {},
  	Journal = {Proceedings of the Second Workshop on the LLVM Compiler Infrastructure in HPC},
  	Keywords = {LLVM, Python, Compiler},
  	Month = nov,
  	Title = {{Numba: A llvm-based python jit compiler}},
  	Year = 2015
}

@article{Lowekamp:2013,
  	url = {https://pubmed.ncbi.nlm.nih.gov/24416015/},
	doi = {10.3389/fninf.2013.00045},
  	Archiveprefix = {},
  	Author = {{Lowekamp}, B.C., {Chen}, D.T., {Ibáñez}, L., {Blezek}, D.},
  	Eprint = {},
  	Journal = {Frontiers in neuroinformatics},
  	Keywords = {software design, Insight Toolkit, segmentation, software development, image processing software, image processing and analysis},
  	Month = dec,
  	Title = {{The Design of SimpleITK}},
  	Year = 2013
}

@article{Van-der-Walt:2014,
  	url = {https://pubmed.ncbi.nlm.nih.gov/25024921/},
	doi = {10.7717/peerj.453},
  	Archiveprefix = {},
  	Author = {{Van der Walt}, S., {Schönberger}, J.L., {Nunez-Iglesias}, J., {Boulogne}, F., {Warner}, J.D., {Yager}, N., {Gouillart}, E. {Yu}, T.},
  	Eprint = {},
  	Journal = {PeerJ},
  	Keywords = {Image processing, Reproducible research, Education, Visualization, Open source, Python, Scientific programming},
  	Month = june,
  	Title = {{scikit-image: image processing in Python}},
  	Year = 2014
}

@article{Stok:2020,
  	url = {https://www.ncbi.nlm.nih.gov/pmc/articles/PMC7063288/},
	doi = {10.21037/qims.2019.12.11},
  	Archiveprefix = {},
  	Author = {{Stok}, K.S., {Burghardt}, A.J., {Boutroy}, S., {Peters}, M.P.H, {Manske}, S.L., {Stadelmann}, V., {Vilayphiou}, N., {van den Bergh}, J.P., {Geusens}, P., {Li}, X., {Marotte}, H., {van Rietbergen}, B., {Boyd}, S.K., {Barnabe}, C.},
  	Eprint = {},
  	Journal = {Quantitative Imaging in Medicine and Surgery},
  	Keywords = {X-ray computed tomography; 3D imaging; high-resolution peripheral quantitative computed tomography (HR-pQCT); arthritis; rheumatoid; metacarpophalangeal joint; OMERACT; peripheral quantitative CT; joint space width (JSW); three-dimensional; in vivo},
  	Month = feb,
  	Title = {{Consensus approach for 3D joint space width of metacarpophalangeal joints of rheumatoid arthritis patients using high-resolution peripheral quantitative computed tomography}},
  	Year = 2020
}

@misc{ORMIR_XCT_Shapes:2023,
  author = {M. T. Kuczynski},
  title = {Synthetic Shapes for ORMIR_XCT Thickness Measurement Validation},
  year = {2023},
  publisher = {Zenodo},
  journal = {Zenodo},
  url = {https://zenodo.org/record/8155738},
  doi = {10.5281/zenodo.8155738},
}