% This file was created with Citavi 6.14.0.0

@misc{CentraalBureauvoordeStatistiek.2020,
 author = {{Centraal Bureau voor de Statistiek (CBS), Rijkswaterstaat (RWS-WVL)}},
 date = {2020},
 publisher = {{DANS Data Station Social Sciences and Humanities}},
 title = {{Onderzoek Onderweg in Nederland - ODiN 2019}},
 doi = {10.17026/dans-xpv-mwpg},
 address = {Amsterdam},
}

@misc{DepartmentforTransport.2019,
 author = {{Department for Transport}},
 date = {2019},
 title = {National {T}ravel {S}urvey: England 2019},
 url = {https://www.gov.uk/government/statistics/national-travel-survey-2019},
 address = {London},
}

@misc{Leservicedesdonneesetetudesstatistiques.2023,
 author = {{Le service des donn{\'e}es et {\'e}tudes statistiques}},
 date = {2023},
 title = {{La mobilit{\'e} locale et longue distance des Fran{\c{c}}ais - Enqu{\^e}te nationale sur la mobilit{\'e} des personnes en 2019}},
 url = {www.statistiques.developpement-durable.gouv.fr},
 address = {Paris},
}

@online{simbev.2023,
 author={Goodarz Mehr and Azim Eskandarian},
 year={2025},
 title = {{SimBEV: A Synthetic Multi-Task Multi-Sensor Driving Data Generation Tool and Dataset}},
 doi = {10.48550/arXiv.2502.01894},
}

@online{urmo.2019,
 author     = {{UrMoDigital project}},
 year      = {2019},
 url      = {https://www.forschungsinformationssystem.de/servlet/is/505918/},
 title =  {{"Wirkungen der Digitalisierung auf st√§dtische Verkehrssysteme (UrMoDigital)" - "Effects of digitalisation on urban transport systems"}}
}

@online{drive2x.2023,
 author     = {{DriVe2X project}},
 year      = {2023},
 doi      = {10.3030/101056934},
 title =  {{"Delivering Renewal and Innovation to mass Vehicle Electrification enabled by V2X technologies (DriVe2X)"}}
}

@online{sedos.2022,
 author     = {{SEDOS project}},
 year      = {2022},
 url      = {https://www.enargus.de/detail/?id=8794298},
 title =  {{"Die Bedeutung der Sektorintegration im Rahmen der Energiewende in Deutschland - Modellierung mit einem nationalen Open Source ReferenzEnergieSystem (SEDOS)" - "The importance of sector integration in the context of the energy transition in Germany - Modelling with a national open source reference energy system"}}
}

@online{en4u.2021,
 author     = {{En4U project}},
 year      = {2021},
 url      = {https://www.enargus.de/detail/?id=1449730},
 title =  {{"Entwicklungspfade eines dezentralen Energiesystems im Zusammenspiel der Entscheidungen privater und kommerzieller Energieakteure unter Unsicherheit (En4U)" - "Development pathways of a decentralized energy system in the interplay of decisions made by private and commercial energy actors under uncertainty"}}
}

@online{beniver.2018,
 author     = {{BENiVer project}},
 year      = {2018},
 url      = {https://www.enargus.de/detail/?id=951464},
 title =  {{"Begleitforschung Energiewende im Verkehr (BENiVer)" - "Accompanying research on the energy transition in transportation"}}
}

@misc{ever.2018,
 author     = {{EVer project}},
 year      = {2018},
 title      = {{"Energie und Verkehr (EVer)" - "Energy and Transport"}},
}

@misc{infasDLRIVTundinfas360.2018,
 author = {{infas, DLR, IVT, infas 360}},
 date = {2018},
 title = {{Mobilit{\"a}t in {D}eutschland - MiD {E}rgebnisbericht}},
 url = {www.mobilitaet-in-deutschland.de},
 address = {Bonn},
}

@article{Wilkinson.2016,
 author = {Wilkinson, Mark D. and Dumontier, Michel and Aalbersberg, I. Jsbrand Jan and Appleton, Gabrielle and Axton, Myles and Baak, Arie and Blomberg, Niklas and Boiten, Jan-Willem and {Da Silva Santos}, Luiz Bonino and Bourne, Philip E. and Bouwman, Jildau and Brookes, Anthony J. and Clark, Tim and Crosas, Merc{\`e} and Dillo, Ingrid and Dumon, Olivier and Edmunds, Scott and Evelo, Chris T. and Finkers, Richard and Gonzalez-Beltran, Alejandra and Gray, Alasdair J. G. and Groth, Paul and Goble, Carole and Grethe, Jeffrey S. and Heringa, Jaap and 't Hoen, Peter A. C. and Hooft, Rob and Kuhn, Tobias and Kok, Ruben and Kok, Joost and Lusher, Scott J. and Martone, Maryann E. and Mons, Albert and Packer, Abel L. and Persson, Bengt and Rocca-Serra, Philippe and Roos, Marco and {van Schaik}, Rene and Sansone, Susanna-Assunta and Schultes, Erik and Sengstag, Thierry and Slater, Ted and Strawn, George and Swertz, Morris A. and Thompson, Mark and {van der Lei}, Johan and {van Mulligen}, Erik and Velterop, Jan and Waagmeester, Andra and Wittenburg, Peter and Wolstencroft, Katherine and Zhao, Jun and Mons, Barend},
 year = {2016},
 title = {The FAIR Guiding Principles for scientific data management and stewardship},
 pages = {160018},
 volume = {3},
 journal = {Scientific data},
 doi = {10.1038/sdata.2016.18},
}

@article{Wetzel.2024,
 author = {Wetzel, Manuel and Ruiz, Eugenio Salvador Arellano and Witte, Francesco and Schmugge, Jens and Sasanpour, Shima and Yeligeti, Madhura and Miorelli, Fabia and Buschmann, Jan and Cao, Karl-Ki{\^e}n and Wulff, Niklas and Gardian, Hedda and Rubbert, Alexander and Fuchs, Benjamin and Scholz, Yvonne and Gils, Hans Christian},
 year = {2024},
 title = {REMix: A GAMS-based framework for optimizing energy system models},
 pages = {6330},
 volume = {9},
 number = {99},
 journal = {Journal of Open Source Software},
 doi = {10.21105/joss.06330},
}

@article{Strobel.2023,
 author = {Strobel, Leo and Pruckner, Marco},
 year = {2023},
 title = {{OMOD: An open-source tool for creating disaggregated mobility demand based on OpenStreetMap}},
 pages = {102029},
 volume = {106},
 issn = {01989715},
 journal = {Computers, Environment and Urban Systems},
 doi = {10.1016/j.compenvurbsys.2023.102029},
}

@article{Booshehri.2021,
 author = {Booshehri, Meisam and Emele, Lukas and Fl{\"u}gel, Simon and F{\"o}rster, Hannah and Frey, Johannes and Frey, Ulrich and Glauer, Martin and Hastings, Janna and Hofmann, Christian and Hoyer-Klick, Carsten and H{\"u}lk, Ludwig and Kleinau, Anna and Knosala, Kevin and Kotzur, Leander and Kuckertz, Patrick and Mossakowski, Till and Muschner, Christoph and Neuhaus, Fabian and Pehl, Michaja and Robinius, Martin and Sehn, Vera and Stappel, Mirjam},
 year = {2021},
 title = {Introducing the {Open Energy Ontology}: Enhancing data interpretation and interfacing in energy systems analysis},
 pages = {100074},
 volume = {5},
 issn = {26665468},
 journal = {Energy and AI},
 doi = {10.1016/j.egyai.2021.100074},
}

@misc{Gro.2023,
 author = {Gro{\ss}, Theresa and Knosala, Kevin and Hoffmann, Maximilian and Pflugradt, Noah and Stolten, Detlef},
 date = {2023},
 title = {ETHOS.FINE: A Framework for Integrated Energy System Assessment},
 publisher = {arXiv},
 doi = {10.48550/arXiv.2311.05930},
}

@article{Brown.2018,
 author = {Brown, Thomas and H{\"o}rsch, Jonas and Schlachtberger, David},
 year = {2018},
 title = {{PyPSA}: {P}ython for {P}ower {S}ystem {A}nalysis},
 pages = {4},
 volume = {6},
 number = {1},
 journal = {Journal of Open Research Software},
 doi = {10.5334/jors.188},
}

@article{GaeteMorales.2021,
 author = {Gaete-Morales, Carlos and Kramer, Hendrik and Schill, Wolf-Peter and Zerrahn, Alexander},
 year = {2021},
 title = {An open tool for creating battery-electric vehicle time series from empirical data, emobpy},
 pages = {152},
 volume = {8},
 number = {1},
 journal = {Scientific data},
 doi = {10.1038/s41597-021-00932-9},
}

@article{Hilpert.2018,
 author = {Hilpert, S. and Kaldemeyer, C. and Krien, U. and G{\"u}nther, S. and Wingenbach, C. and Plessmann, G.},
 year = {2018},
 title = {The {O}pen {E}nergy {M}odelling {F}ramework (oemof) - A new approach to facilitate open science in energy system modelling},
 pages = {16--25},
 volume = {22},
 issn = {2211467X},
 journal = {Energy Strategy Reviews},
 doi = {10.1016/j.esr.2018.07.001},
}

@article{Howells.2011,
 author = {Howells, Mark and Rogner, Holger and Strachan, Neil and Heaps, Charles and Huntington, Hillard and Kypreos, Socrates and Hughes, Alison and Silveira, Semida and DeCarolis, Joe and Bazillian, Morgan and Roehrl, Alexander},
 year = {2011},
 title = {{OSeMOSYS}: {T}he {O}pen {S}ource {E}nergy {M}odeling {S}ystem},
 pages = {5850--5870},
 volume = {39},
 number = {10},
 issn = {03014215},
 journal = {Energy Policy},
 doi = {10.1016/j.enpol.2011.06.033},
}

@article{Krien.2020,
 author = {Krien, Uwe and Sch{\"o}nfeldt, Patrik and Launer, Jann and Hilpert, Simon and Kaldemeyer, Cord and Ple{\ss}mann, Guido},
 year = {2020},
 title = {oemof.solph - A model generator for linear and mixed-integer linear optimisation of energy systems},
 pages = {100028},
 volume = {6},
 issn = {26659638},
 journal = {Software Impacts},
 doi = {10.1016/j.simpa.2020.100028},
}

@article{Mangipinto.2022,
 author = {Mangipinto, Andrea and Lombardi, Francesco and Sanvito, Francesco Davide and Pavi{\v{c}}evi{\'c}, Matija and Quoilin, Sylvain and Colombo, Emanuela},
 year = {2022},
 title = {Impact of mass-scale deployment of electric vehicles and benefits of smart charging across all European countries},
 pages = {118676},
 volume = {312},
 issn = {03062619},
 journal = {Applied Energy},
 doi = {10.1016/j.apenergy.2022.118676},
}

@article{Martz.2022,
 author = {M{\"a}rtz, Alexandra and Langenmayr, Uwe and Ried, Sabrina and Seddig, Katrin and Jochem, Patrick},
 year = {2022},
 title = {Charging Behavior of Electric Vehicles: Temporal Clustering Based on Real-World Data},
 pages = {6575},
 volume = {15},
 number = {18},
 journal = {Energies},
 doi = {10.3390/en15186575},
}

@article{Schimeczek.2023,
 author = {Schimeczek, Christoph and Nienhaus, Kristina and Frey, Ulrich and Sperber, Evelyn and Sarfarazi, Seyedfarzad and Nitsch, Felix and Kochems, Johannes and Ghazi, A. Achraf El},
 year = {2023},
 title = {AMIRIS: Agent-based {M}arket model for the {I}nvestigation of {R}enewable and {I}ntegrated energy {S}ystems},
 pages = {5041},
 volume = {8},
 number = {84},
 journal = {Journal of Open Source Software},
 doi = {10.21105/joss.05041},
}

@software{Hulk.2024,
 author = {H√ºlk, Ludwig and Glauer, Martin and Huber, Jonas and Winger, Christian},
 license = {AGPL-3.0-or-later},
 title = {{Open Energy Family - Open Energy Platform (OEP)}},
 url = {https://github.com/OpenEnergyPlatform/oeplatform/},
 version = {0.18.1},
 year = {2024}
}

@online{times.2022,
 author = {{IEA-ETSAP}},
 title     = {The Integrated {MARKAL}-{EFOM} System ({TIMES}) - a bottom-up optimization model for energy-environment systems},
 year      = {2016},
 doi = {10.5281/zenodo.3865460},
}

@misc{WVIIVTDLRandKBA.2010,
 author = {{WVI, IVT, DLR, KBA}},
 date = {2010},
 title = {{Mobilit{\"a}tsstudie Kraftfahrzeugverkehr in Deutschland 2010 (KiD) - Ergebnisse im {\"U}berblick}},
 address = {Braunschweig},
 urldate = {04.11.2023},
}
