@book{GodleyLavoie2006MonetaryEconomicsIntegrated,
  title = {Monetary {{Economics}}: {{An Integrated Approach}} to {{Credit}}, {{Money}}, {{Income}}, {{Production}} and {{Wealth}}},
  author = {Godley, W. and Lavoie, M.},
  year = {2006},
  publisher = {Springer},
  isbn = {978-0-230-62654-6},
}
